<record><leader>00000cas a22000007a 4500</leader><controlfield tag="001">11020039</controlfield><controlfield tag="008">840803d181618uuvaucr ne      0    0eng d</controlfield><controlfield tag="009">3770</controlfield><datafield ind1=" " ind2=" " tag="010"><subfield code="a">sn 84024700 </subfield></datafield><datafield ind1=" " ind2=" " tag="040"><subfield code="a">NPV</subfield><subfield code="b">eng</subfield><subfield code="c">NPV</subfield><subfield code="d">NPX</subfield><subfield code="d">DLC</subfield><subfield code="d">MFN</subfield><subfield code="d">CNK</subfield><subfield code="d">NVK</subfield><subfield code="d">OCL</subfield><subfield code="d">DLC</subfield><subfield code="d">OCLCF</subfield></datafield><datafield ind1="1" ind2=" " tag="029"><subfield code="a">AU@</subfield><subfield code="b">000025833327</subfield></datafield><datafield ind1=" " ind2=" " tag="042"><subfield code="a">msc</subfield></datafield><datafield ind1=" " ind2=" " tag="043"><subfield code="a">n-us-va</subfield></datafield><datafield ind1="0" ind2="0" tag="050"><subfield code="a">Newspaper</subfield></datafield><datafield ind1="0" ind2="0" tag="245"><subfield code="a">Virginia patriot and Richmond mercantile advertiser.</subfield></datafield><datafield ind1="1" ind2="3" tag="246"><subfield code="a">Patriot and mercantile advertiser</subfield></datafield><datafield ind1=" " ind2=" " tag="260"><subfield code="a">Richmond [Va.] :</subfield><subfield code="b">A. Davis</subfield></datafield><datafield ind1=" " ind2=" " tag="300"><subfield code="a">v.</subfield></datafield><datafield ind1=" " ind2=" " tag="310"><subfield code="a">Semiweekly</subfield></datafield><datafield ind1="0" ind2=" " tag="362"><subfield code="a">Vol. 7, no. 817 (Apr. 6, 1816)-</subfield></datafield><datafield ind1=" " ind2="0" tag="651"><subfield code="a">Richmond (Va.)</subfield><subfield code="v">Newspapers.</subfield></datafield><datafield ind1=" " ind2="7" tag="655"><subfield code="a">Newspapers.</subfield><subfield code="2">fast</subfield><subfield code="0">(OCoLC)fst01423814</subfield></datafield><datafield ind1=" " ind2="7" tag="651"><subfield code="a">Virginia</subfield><subfield code="z">Richmond.</subfield><subfield code="2">fast</subfield><subfield code="0">(OCoLC)fst01205345</subfield></datafield><datafield ind1=" " ind2=" " tag="752"><subfield code="a">United States</subfield><subfield code="b">Virginia</subfield><subfield code="d">Richmond</subfield></datafield><datafield ind1="0" ind2=" " tag="775"><subfield code="t">Virginia patriot, and Richmond daily mercantile advertiser</subfield><subfield code="w">(DLC)sn 84024701</subfield><subfield code="w">(OCoLC)11020069</subfield></datafield><datafield ind1="0" ind2="0" tag="780"><subfield code="t">Virginia patriot (Richmond, Va. : 1809)</subfield><subfield code="w">(DLC)sn 85026760</subfield><subfield code="w">(OCoLC)12490757</subfield></datafield><datafield ind1="0" ind2="0" tag="785"><subfield code="t">Virginia patriot (Richmond, Va. : 1820)</subfield><subfield code="w">(DLC)sn 85026761</subfield><subfield code="w">(OCoLC)12493661</subfield></datafield></record>